@online{test,
author = {Alen},
title = {Awesome},
year = {2015},
url = {robowiki.net},
}
